@article{coles2012survey,
  title={A survey of the seventh international planning competition},
  author={Coles, Amanda and Coles, Andrew and Olaya, Angel Garc{\'\i}a and Jim{\'e}nez, Sergio and L{\'o}pez, Carlos Linares and Sanner, Scott and Yoon, Sungwook},
  journal={AI Magazine},
  volume={33},
  number={1},
  pages={83--88},
  year={2012}
}

@inproceedings{bonet1999HSP,
	title={Planning as heuristic search: New results},
	author={Bonet, Blai and Geffner, Hector},
	booktitle={European Conference on Planning},
	pages={360--372},
	year={1999},
	organization={Springer}
}

@article{hoffmann2001ff,
	title={The FF planning system: Fast plan generation through heuristic search},
	author={Hoffmann, J{\"o}rg and Nebel, Bernhard},
	journal={Journal of Artificial Intelligence Research},
	volume={14},
	pages={253--302},
	year={2001}
}

@article{helmert2006fastdownward,
	title={The fast downward planning system},
	author={Helmert, Malte},
	journal={Journal of Artificial Intelligence Research},
	volume={26},
	pages={191--246},
	year={2006}
}

@article{richter2010lama,
	title={The LAMA planner: Guiding cost-based anytime planning with landmarks},
	author={Richter, Silvia and Westphal, Matthias},
	journal={Journal of Artificial Intelligence Research},
	volume={39},
	pages={127--177},
	year={2010}
}